% Книги
@BOOK{Sychev,
  author =       {Сычёв, М. С.},
  title =        {История Астраханского казачьего войска : учебное пособие},
  address =      {Астрахань},
  publisher =    {Волга},
  year =         {2009},
  numpages =     {231},
  media =        {text},
  language =     {russian},
}

@BOOK{Sokolov,
  author =       {Соколов, А. Н. and Сердобинцев, К. С.},
  editor =       {Бочарова, В. М.},
  address =      {Астрахань},
  publisher =    {Калиниградский ЮИ МВД России},
  title =        {Гражданское общество: проблемы формирования и развития (философский и юридический аспекты) : монография},
  year =         {2009},
  numpages =     {218},
  media =        {text},
  language =     {russian},
}

@BOOK{Gaidaenko,
  author =       {Гайдаенко, Т. А.},
  title =        {Маркетинговое управление: принципы управленческих решений и российская практика},
  edition =      {{}3-е изд, перераб. и доп.},
  address =      {М.},
  publisher =    {Эксмо: МИРБИС},
  year =         {2008},
  numpages =     {508},
  media =        {text},
  language =     {russian},
}


% Многотомные издания
@MVBook{Lermontov,
  author =       {Лермонтов, Михаил Юрьевич},
  title =        {Собрание сочинений},
  year =         {2009},
  publisher =    {Терра-Кн. клуб},
  volumes =      {4},
  location =     {М.},
  media =        {text},
  language =     {russian},
}

@MVBook{Russell,
  author =       {Russell, Bertrand and Whitehead, Alfred North},
  title =        {Principia Mathematica},
  date =         {1910/1913},
  volumes =      {3},
  publisher =    {Cambridge University Press},
  location =     {London},
  media =        {text},
  language =     {english},
}


% Статьи
@ARTICLE{Berestova,
  author =       {Берестова, Т. Ф.},
  title =        {Поисковые инструменты библиотеки},
  journal =      {Библиография},
  year =         {2006},
  number =       {4},
  pages =        {19},
  language =     {russian},
}

@ARTICLE{Janiesch,
  author       = {Janiesch, Christian and Zschech, Patrick and Heinrich, Kai},
  title        = {Machine learning and deep learning},
  journal      = {Electronic Markets},
  year         = {2021},
  volume       = {31},
  number       = {3},
  pages        = {685--695},
  doi          = {10.1007/s12525-021-00475-2},
  language     = {english},
}




% Труды конференции
@CONFERENCE{Conference,
  author       = {Schulman, John and Levine, Sergey and Abbeel, Pieter and Jordan, Michael and Moritz, Philipp},
  title        = {Trust Region Policy Optimization},
  booktitle    = {Proceedings of the 32nd International Conference on Machine Learning},
  year         = {2015},
  editor       = {Bach, Francis and Blei, David},
  volume       = {37},
  series       = {Proceedings of Machine Learning Research},
  pages        = {1889--1897},
  address      = {Lille, France},
  month        = {07--09 Jul},
  publisher    = {PMLR},
  url          = {http://proceedings.mlr.press/v37/schulman15.pdf},
  language     = {english},
}



% Препринты
@ONLINE{arXiv,
  author       = {Michael U. Gutmann},
  title        = {Pen and Paper Exercises in Machine Learning},
  date         = {2022-06-27},
  _url         = {https://arxiv.org/abs/2206.13446}, 
  language     = {english},
  eprint       = {2206.13446},
  eprinttype   = {arxiv},
  eprintclass  = {cs.LG},
}

@ONLINE{arXiv2,
  author       = {Diederik P. Kingma and Jimmy Ba},
  title        = {Adam: A Method for Stochastic Optimization}, 
  date         = {2017-01-30},
  _url         = {https://arxiv.org/abs/1412.6980}, 
  language     = {english},
  eprint       = {1412.6980},
  eprinttype   = {arxiv},
  eprintclass  = {cs.LG},
}




% Электронные ресурсы
@BOOK{Encyclopedia,
  title =        {Художественная энциклопедия зарубежного классического искусства},
  address =      {М.},
  publisher =    {Большая Рос. энкцикл.},
  year =         {1996},
  note =         {1 электрон. опт. диск (CD-ROM)},
  media =        {eresource},
  language =     {russian},
}

@ARTICLE{Nasirova,
  author =       {Насырова, Г. А.},
  title =        {Модели государственного регулирования страховой деятельности},
  journal =      {Вестник Финансовой академии},
  year =         {2003},
  number =       {4},
  note =         {Режим доступа: http://vestnik.fa.ru/4(28)2003/4.html},
  media =        {eresource},
  language =     {russian},
}


% Диссертации
@THESIS{Lagkueva,
  author =       {Лагкуева, Ирина Владимировна},
  title =        {Особенности регулирования труда творческих работников театров},
  type =         {phdthesis},
  science =      {юрид. наук},
  specialitycode = {12.00.05},
  location =     {М.},
  date =         {2009},
  pagetotal =    {168},
  media =        {text},
  language =     {russian},
}

@THESIS{Pokrovski,
  author =       {Покровский, Андрей Владимирович},
  title =        {Устранимые особенности решений эллиптических уравнений},
  type =         {docthesis},
  science =      {физ.-мат. наук},
  specialitycode = {01.01.01},
  location =     {М.},
  date =         {2008},
  pagetotal =    {178},
  media =        {text},
  language =     {russian},
}

@THESIS{Belozerov,
  author =       {Белозеров, Иван Валентинович},
  title =        {Религиозная политика Золотой Орды на Руси в XIII—XIV вв.},
  type =         {phdthesis},
  science =      {ист. наук},
  specialitycode = {07.00.02},
  titleaddon =   {защищена 22.01.02 : утв. 15.07.02},
  location =     {М.},
  date =         {2002},
  pagetotal =    {215},
  addendum =     {Библиогр.: с. 202---213. --- 04200201565},
  media =        {text},
  language =     {russian},
}

% Авторефераты диссертаций
@THESIS{Sirotko,
  author =       {Сиротко, Владимир Викторович},
  title =        {Медико-социальные аспекты городского травматизма в современных условиях},
  media =        {text},
  type =         {phdautoref},
  science =      {мед. наук},
  specialitycode ={14.00.33},
  address =      {М.},
  year =         {2006},
  pagetotal =    {26},
  media =        {text},
  language =     {russian},
}

@THESIS{Lukina,
  author =       {Лукина, Валентина Александровна},
  title =        {Творческая история «Записок охотника» И. С. Тургенева},
  media =        {text},
  type =         {phdautoref},
  science =      {филол. наук},
  specialitycode ={10.01.01},
  address =      {СПб.},
  year =         {2006},
  pagetotal =    {26},
  media =        {text},
  language =     {russian},
}


% Патенты
@Patent{patent2,
  author =       {Тернер, Э. В.},
  authortype =   {США},
  title =        {Одноразовая ракета-носитель},
  type =         {patreq},
  number =       {1095735},
  location =     {countryru},
  ipc =          {МПК\ensuremath{^7} B 64 G 1/00},
  holder =       {{заявитель Спейс Системз/Лорал, инк.}},
  credits =      {патент. поверенный Егорова Г. Б.},
  reqnumber =    {2000108705/28},
  date =         {2000-04-07},
  publdate =     {2001-03-10},
  publication =  {Бюл. № 7 (I ч.)\midsentence},
  prioritydate = {1999-04-09},
  prioritynumber ={09/289, 037},
  prioritycountry ={countryus},
  pagetotal =    {5 с.~: ил.},
  media =        {text},
  language =     {russian},
}

@Patent{patent3,
  author =       {В. С. Ваулин and В. Г. Кемайкин},
  authortype =   {СССР},
  title =        {Устройство для захвата неориентированных деталей типа валов},
  type =         {invcert},
  number =       {1007970},
  location =     {countryru},
  ipc =          {МКИ\ensuremath{^3} В 25.1 15/00},
  reqnumber =    {3360585/25-08},
  date =         {1981-11-23},
  publdate =     {1983-03-30},
  publication =  {Бюл. № 12},
  pagetotal =    {2 с.~: ил.},
  media =        {text},
  language =     {russian},
}

@Patent{patbib1,
  author =       {Иванов, И. И.},
  authortype =   {Российская Федерация},
  title =        {Многоразовая ракета-носитель},
  type =         {patreq},
  number =       {1234567},
  location =     {countryru},
  ipc =          {МПК\ensuremath{^7} B 64 G 1/00},
  holder =       {заявитель Технологические технологии},
  credits =      {патент. поверенный Егорова Г. Б.},
  reqnumber =    {2000108705/28},
  date =         {2020-01-03},
  publdate =     {2020-01-02},
  publication =  {Бюл. № 7 (I ч.)\midsentence},
  prioritydate = {2020-01-01},
  prioritynumber = {09/289, 037},
  prioritycountry = {countryru},
  pagetotal =    {5 с.~: ил.},
  media =        {text},
  language =     {russian},
  authorpatent = {yes},
}

% Свидетельство о гос. регистрации программы для ЭВМ
@Patent{progbib1,
  heading =      {Свидетельство о гос. регистрации программы для {ЭВМ}},
  author =       {Петров, П. П.},
  title =        {foobar},
  holder =       {НИИ~ГДААДАВБА},
  reqnumber =    {1234567890},
  publdate =     {2020-01-02},
  date =         {2020-01-01},
  prnumber =     {1234567890},
  prcountry =    {countryru},
  media =        {text},
  language =     {russian},
  authorprogram ={yes},
}


% Нормативные правовые акты
@BOOK{Constitution,
  title =        {Конституция Российской Федерации : офиц. текст.},
  address =      {М.},
  publisher =    {Маркетинг},
  year =         {2001},
  numpages =     {39},
  media =        {text},
  language =     {russian},
}

@BOOK{FamilyCode,
  title =        {Семейный кодекс Российской Федерации : [федер. закон: принят Гос. Думой 8 дек. 1995~г. : по состоянию на 3~янв. 2001~г.]},
  address =      {СПб.},
  publisher =    {Стаун-кантри},
  year =         {2001},
  numpages =     {94},
  media =        {text},
  language =     {russian},
}


% Стандарты
@REFERENCE{Gost.7.0.53,
  title =        {Система стандартов по информации, библиотечному и издательскому делу. Издания. Международный стандартный книжный номер. Использование и издательское оформление},
  subtitle =     {ГОСТ Р 7.0.53-2007},
  location =     {М.},
  publisher =    {Стандартинформ},
  year =         {2007},
  pagetotal =    {5},
  media =        {text},
  language =     {russian},
}

@REFERENCE{standard3,
  title =        {Селитра калиевая техническая. Технические условия},
  subtitle =     {ГОСТ 19790-74},
  specdata =     {Взамен ГОСТ 1949-65 и ГОСТ 5.1138-71 ; введ. 01.07.05},
  location =     {М.},
  publisher =    {Стандартинформ},
  year =         {2006},
  pagetotal =    {18},
  series =       {Межгосударственный стандарт},
  media =        {text},
  language =     {russian},
}


% Депонированные научные работы
@BOOK{Razumovski,
  author =       {Разумовский, В. А. and Андреев, Д. А.},
  title =        {Управление маркетинговыми исследованиями в регионе},
  address =      {М.},
  year =         {2002},
  numpages =     {210},
  note =         {Деп. в ИНИОН Рос. акад. наук 15.02.02, № 139876},
  media =        {text},
  language =     {russian},
}


% Отчёты о научно-исследовательской работе
@BOOK{Methodology,
  author =       {Загорюев, А. Л.},
  title =        {Методология и методы изучения военно-профессиональной направленности подростков : отчёт о НИР},
  address =      {Екатеринбург},
  institution =  {Уральский институт практической психологии},
  year =         {2008},
  numpages =     {102},
  media =        {text},
  language =     {russian},
}


% Использование дополнительных опций biblatex
@BOOK{sobenin_kdv,
  author =       {О. А. Вальднер and Н. П. Собенин and Б. В. Зверев and И. С. Щедрин},
  options =      {maxnames=4},
  title =        {Диафрагмированные волноводы},
  subtitle =     {Справочник},
  publisher =    {Энергоатомиздат},
  year =         {1991},
  edition =      {3},
  pagetotal =    {280},
  location =     {М.},
  isbn =         {5-283-03960-9},
  media =        {text},
  language =     {russian},
}

@INPROCEEDINGS{initials,
  author =       {Ya.Yu. Ivanov},
  title =        {Stabilization of the initials in the bibliography entries},
  booktitle =    {Proc. of {IPAC'10}},
  options =      {giveninits=false},
  pages =        {1234 -- 4321},
  language =     {english},
  venue =        {Kyoto, Japan},
  publisher =    {JACoW Publishing},
  location =     {Geneva},
  month =        5,
  year =         2010,
}
