@article{Temkin:2020,
  author       = {Темкин, И.О. and Клебанов, Д.А. and Дерябин, С.А. and Конов, И.С.},
  title        = {Построение интеллектуальной геоинформационной системы горного предприятия с использованием методов прогнозной аналитики},
  journal      = {Горный информационно-аналитический бюллетень (научно-технический журнал)},
  year         = {2020},
  number       = {3},
  pages        = {114--125},
  doi          = {10.25018/0236-1493-2020-3-0-114-125},
  language     = {russian},
}

@article{Rzazade:2023,
  author       = {Rzazade, Ulvi and Deryabin, Sergey and Temkin, Igor and Kondratev, Egor and Ivannikov, Alexander},
  title        = {On the Issue of the Creation and Functioning of Energy Efficiency Management Systems for Technological Processes of Mining Enterprises},
  journal      = {Energies},
  year         = {2023},
  volume       = {16},
  number       = {13},
  pages        = {4878},
  doi          = {10.3390/en16134878},
  language     = {english},
}